@BOOK{book,
  TITLE = {Computational Complexity},
  AUTHOR = {Christos H. Papadimitriou},
  YEAR = {1994}, % I looked it up
  PUBLISHER = {Addison-Wesley Publishing Company},
}

@misc{GTI,
  author        = {Prof. Dr. Thomas Schwentick},
  title         = {Lecture slides in Grundbegriffe der theoretischen Informatik},
  publisher={TU Dortmund},
  note={\url{https://www.cs.tu-dortmund.de/nps/de/Studium/Ordnungen_Handbuecher_Beschluesse/Modulhandbuecher/Archiv/Bachelor_LA_GyGe_Inf_Modellv/_Module/INF-BfP-GTI/index.html}}
}

@misc{classesPic,
  title         = {Complexity classes diagram image source},
  note={\url{https://en.wikipedia.org/wiki/Complexity_class}}
}

@misc{CC,
  author        = {Martin Berglund},
  title         = {Lecture notes in Computational Complexity},
  }
  
@misc{PNPsets,
  title         = {Image source: P-NP sets},
  note={\url{https://www.techno-science.net/actualite/np-conjecture-000-000-partie-denouee-N21607.html}}
}  


@article{HAMPATH,
  author   = {J. Baumgardner and K. Acker and O. Adefuye and et al.},
  title    = {Solving a Hamiltonian Path Problem with a bacterial computer},
  journal  = {J Biol Eng},
  year     = {2009},
  volume   = {3},
  number   = {11},
  note     = {DOI: \url{https://doi.org/10.1186/1754-1611-3-11}}
}

@misc{HPSAT,
  author        = {Prof. Yuh-Dauh Lyuu},
  title         = {Lecture slides on Reduction of hamiltonian path to sat},
  publisher={National Taiwan University},
  year = {2011},
  note={\url{https://www.csie.ntu.edu.tw/~lyuu/complexity/2011/20111018.pdf}}
}

@misc{booleanC,
  title         = {Image source: Boolean Circuit},
  note={\url{https://upload.wikimedia.org/wikipedia/en/thumb/d/df/Three_input_Boolean_circuit.jpg/300px-Three_input_Boolean_circuit.jpg}}
}  

@misc{RCV,
  author        = {Prof. Yuh-Dauh Lyuu},
  title         = {Lecture slides on Reductions},
  publisher={National Taiwan University},
  year = {2004},
  note={\url{https://www.csie.ntu.edu.tw/~lyuu/complexity/2004/c_20041020.pdf}}
}


  


