@BOOK{book,
  TITLE = {Computational Complexity},
  AUTHOR = {Christos H. Papadimitriou},
  YEAR = {1994}, % I looked it up
  PUBLISHER = {Addison-Wesley Publishing Company},
}

@misc{GTI,
  author        = {Prof. Dr. Thomas Schwentick},
  title         = {Lecture notes in Grundbegriffe der theoretischen Informatik},
  publisher={TU Dortmund},
  note={\url{https://www.cs.tu-dortmund.de/nps/de/Studium/Ordnungen_Handbuecher_Beschluesse/Modulhandbuecher/Archiv/Bachelor_LA_GyGe_Inf_Modellv/_Module/INF-BfP-GTI/index.html}}
}

@misc{classesPic,
  title         = {Complexity classes diagram image source},
  note={\url{https://en.wikipedia.org/wiki/Complexity_class}}
}

@misc{CC,
  author        = {Martin Berglund},
  title         = {Lecture notes in Computational Complexity},
  }


@misc{bg,
  title         = {Bipartite graph image source},
  note={\url{https://en.wikipedia.org/wiki/Bipartite_graph}}
}

@misc{bm,
  author        = {GeeksforGeeks},
  title         = {Maximum Bipartite Matching},
  note={\url{https://www.geeksforgeeks.org/maximum-bipartite-matching/}, last opened: 09.12.22}
}

@misc{bgm,
  author        = {Swastik Kopparty},
  title         = {Bipartite Graphs and Matchings},
  year          = {2011},
  publisher={Rutgers University},
  note={\url{https://sites.math.rutgers.edu/~sk1233/courses/graphtheory-F11/matching.pdf}, last opened 09.12.22}
}



