@BOOK{book,
  TITLE = {Computational Complexity},
  AUTHOR = {Christos H. Papadimitriou},
  YEAR = {1994}, % I looked it up
  PUBLISHER = {Addison-Wesley Publishing Company},
}

@misc{GTI,
  author        = {Prof. Dr. Thomas Schwentick},
  title         = {Lecture notes in Grundbegriffe der theoretischen Informatik},
  publisher={TU Dortmund},
  note={\url{https://www.cs.tu-dortmund.de/nps/de/Studium/Ordnungen_Handbuecher_Beschluesse/Modulhandbuecher/Archiv/Bachelor_LA_GyGe_Inf_Modellv/_Module/INF-BfP-GTI/index.html}}
}


@misc{CC,
  author        = {Martin Berglund},
  title         = {Lecture notes in Computational Complexity},
  }
  
  
@misc{sat,
  author        = {Swagato Sanyal},
  title         = {Reduction from SAT to 3SAT},
   note={\url{https://cse.iitkgp.ac.in/~palash/2018AlgoDesignAnalysis/SAT-3SAT.pdf}, last opened: 29.11.22}

  } 
  
@book{moore,
  title={The nature of computation},
  author={Moore, Cristopher and Mertens, Stephan},
  year={2011},
  publisher={OUP Oxford}
}
  
  


