@BOOK{book,
  TITLE = {Computational Complexity},
  AUTHOR = {Christos H. Papadimitriou},
  YEAR = {1994}, % I looked it up
  PUBLISHER = {Addison-Wesley Publishing Company},
}

@misc{GTI,
  author        = {Prof. Dr. Thomas Schwentick},
  title         = {Lecture notes in Grundbegriffe der theoretischen Informatik},
  publisher={TU Dortmund},
  note={\url{https://www.cs.tu-dortmund.de/nps/de/Studium/Ordnungen_Handbuecher_Beschluesse/Modulhandbuecher/Archiv/Bachelor_LA_GyGe_Inf_Modellv/_Module/INF-BfP-GTI/index.html}}
}

@misc{classesPic,
  title         = {Complexity classes diagram image source},
  note={\url{https://en.wikipedia.org/wiki/Complexity_class}}
}

@misc{CC,
  author        = {Martin Berglund},
  title         = {Lecture notes in Computational Complexity},
  }
  
@misc{JE,
  author        = {Jeff Erickson},
  title         = {Nondeterministic Turing Machine},
  publisher={University Illinois Urbana-Champaign},
  year = {2016},
  note={\url{http://jeffe.cs.illinois.edu/teaching/algorithms/models/09-nondeterminism.pdf}}
}
  
 


