@BOOK{book,
  TITLE = {Computational Complexity},
  AUTHOR = {Christos H. Papadimitriou},
  YEAR = {1994}, % I looked it up
  PUBLISHER = {Addison-Wesley Publishing Company},
}

@misc{GTI,
  author        = {Prof. Dr. Thomas Schwentick},
  title         = {Lecture notes in Grundbegriffe der theoretischen Informatik},
  publisher={TU Dortmund},
  note={\url{https://www.cs.tu-dortmund.de/nps/de/Studium/Ordnungen_Handbuecher_Beschluesse/Modulhandbuecher/Archiv/Bachelor_LA_GyGe_Inf_Modellv/_Module/INF-BfP-GTI/index.html}}
}


@misc{CC,
  author        = {Martin Berglund},
  title         = {Lecture notes in Computational Complexity},
  }
  
  
@misc{sat,
  author        = {Swagato Sanyal},
  title         = {Reduction from SAT to 3SAT},
   note={\url{https://cse.iitkgp.ac.in/~palash/2018AlgoDesignAnalysis/SAT-3SAT.pdf}, last opened: 29.11.22}

  } 
  
@book{moore,
  title={The nature of computation},
  author={Moore, Cristopher and Mertens, Stephan},
  year={2011},
  publisher={OUP Oxford}
}

@misc{booleanC,
  title         = {Image source: Boolean Circuit},
  note={\url{https://upload.wikimedia.org/wikipedia/en/thumb/d/df/Three_input_Boolean_circuit.jpg/300px-Three_input_Boolean_circuit.jpg}}
}  

@misc{RCV,
  author        = {Prof. Yuh-Dauh Lyuu},
  title         = {Lecture slides on Reductions},
  publisher={National Taiwan University},
  year = {2004},
  note={\url{https://www.csie.ntu.edu.tw/~lyuu/complexity/2004/c_20041020.pdf}}
}

  
  


