@BOOK{book,
  TITLE = {Computational Complexity},
  AUTHOR = {Christos H. Papadimitriou},
  YEAR = {1994}, % I looked it up
  PUBLISHER = {Addison-Wesley Publishing Company},
}

@misc{GTI,
  author        = {Prof. Dr. Thomas Schwentick},
  title         = {Lecture notes in Grundbegriffe der theoretischen Informatik},
  publisher={TU Dortmund},
  note={\url{https://www.cs.tu-dortmund.de/nps/de/Studium/Ordnungen_Handbuecher_Beschluesse/Modulhandbuecher/Archiv/Bachelor_LA_GyGe_Inf_Modellv/_Module/INF-BfP-GTI/index.html}}
}

@misc{classesPic,
  title         = {Complexity classes diagram image source},
  note={\url{https://en.wikipedia.org/wiki/Complexity_class}}
}

@misc{CC,
  author        = {Martin Berglund},
  title         = {Lecture notes in Computational Complexity},
  }
  
@misc{DD,
  author        = {Dr Datenschutz (Website)},
  title         = {P vs. NP: Ein Geschenk der Informatik an die Mathematik},
  url = {https://www.dr-datenschutz.de/p-vs-np-ein-geschenk-der-informatik-an-die-mathematik/#:~:text=Hierbei%20werden%20von%20einem%20Computer,effizient%20l%C3%B6sen%20lassen%20oder%20nicht.},
  note={Last opened 11.11.2022}
}

@misc{RSA,
  author        = {RSA Laboratories},
  title         = {What is the factoring problem?},
  url = {http://security.nknu.edu.tw/crypto/faq/html/2-3-3.html},
  note={Website. Last opened 06.12.2022}
}

@misc{RCV,
  author        = {Prof. Yuh-Dauh Lyuu},
  title         = {Lecture slides on Complexity},
  publisher={National Taiwan University},
  year = {2010},
  note={\url{https://www.csie.ntu.edu.tw/~lyuu/complexity/2010/20101130.pdf}}
}

@misc{injective,
  title         = {Image source: Injective},
  note={\url{https://en.wikipedia.org/wiki/Injective_function}}
}  




