@BOOK{book,
  TITLE = {Computational Complexity},
  AUTHOR = {Christos H. Papadimitriou},
  YEAR = {1994}, % I looked it up
  PUBLISHER = {Addison-Wesley Publishing Company},
}

@misc{GTI,
  author        = {Prof. Dr. Thomas Schwentick},
  title         = {Lecture notes in Grundbegriffe der theoretischen Informatik},
  publisher={TU Dortmund},
  note={\url{https://www.cs.tu-dortmund.de/nps/de/Studium/Ordnungen_Handbuecher_Beschluesse/Modulhandbuecher/Archiv/Bachelor_LA_GyGe_Inf_Modellv/_Module/INF-BfP-GTI/index.html}}
}

@misc{classesPic,
  title         = {Complexity classes diagram image source},
  note={\url{https://en.wikipedia.org/wiki/Complexity_class}}
}

@misc{CC,
  author        = {Martin Berglund},
  title         = {Lecture notes in Computational Complexity},
  }
  
@article{lang,
author = {Lange, klaus-joern},
year = {2012},
month = {01},
pages = {},
title = {The Boolean Formula Value Problem as Formal Language},
isbn = {978-3-642-31643-2},
doi = {10.1007/978-3-642-31644-9_9}
}


